@article{p1,
	title={Counterfactual Learning on Graphs: A Survey},
	volume={22},
	ISSN={2731-5398},
	url={http://dx.doi.org/10.1007/s11633-024-1519-z},
	DOI={10.1007/s11633-024-1519-z},
	number={1},
	journal={Machine Intelligence Research},
	publisher={Springer Science and Business Media LLC},
	author={Guo, Zhimeng and Wu, Zongyu and Xiao, Teng and Aggarwal, Charu and Liu, Hui and Wang, Suhang},
	year={2025},
	month=jan, pages={17â€“59} }

@Article{Mirza2003,
	author={Mirza, Batul J.
	and Keller, Benjamin J.
	and Ramakrishnan, Naren},
	title={Studying Recommendation Algorithms by Graph Analysis},
	journal={Journal of Intelligent Information Systems},
	year={2003},
	month={Mar},
	day={01},
	volume={20},
	number={2},
	pages={131-160},
	issn={1573-7675},
	doi={10.1023/A:1021819901281},
	url={https://doi.org/10.1023/A:1021819901281}
}

@ARTICLE{9996555,
	author={Wei, Yinwei and Wang, Xiang and Nie, Liqiang and Li, Shaoyu and Wang, Dingxian and Chua, Tat-Seng},
	journal={IEEE Transactions on Knowledge and Data Engineering}, 
	title={Causal Inference for Knowledge Graph Based Recommendation}, 
	year={2023},
	volume={35},
	number={11},
	pages={11153-11164},
	keywords={Motion pictures;Predictive models;Computational modeling;Collaborative filtering;Training;Task analysis;Tail;Causal inference;counterfactual inference;knowledge graph;recommender system},
	doi={10.1109/TKDE.2022.3231352}}

@book{recsysbook,
	title     = "Recommender Systems",
	author    = "Charu C. Aggarwal",
	year      = 2016,
	publisher = "Springer Cham"
}
@ARTICLE{9950302,
	author={Chen, Xu and Wang, Zhenlei and Xu, Hongteng and Zhang, Jingsen and Zhang, Yongfeng and Zhao, Wayne Xin and Wen, Ji-Rong},
	journal={IEEE Transactions on Knowledge and Data Engineering}, 
	title={Data Augmented Sequential Recommendation Based on Counterfactual Thinking}, 
	year={2023},
	volume={35},
	number={9},
	pages={9181-9194},
	keywords={Behavioral sciences;Data models;Cameras;Training;Pediatrics;Lenses;History;Sequential recommendation;collaborative filtering;counterfactual;causal inference},
	doi={10.1109/TKDE.2022.3222070}}

